@article{frans2016parallel,
  title={Parallel Trust Region Policy Optimization with Multiple Actors},
  author={Frans, Kevin and Hafner, Danijar},
  year={2016}
}

@article{DBLP:journals/corr/SchulmanWDRK17,
  author    = {John Schulman and
               Filip Wolski and
               Prafulla Dhariwal and
               Alec Radford and
               Oleg Klimov},
  title     = {Proximal Policy Optimization Algorithms},
  journal   = {CoRR},
  volume    = {abs/1707.06347},
  year      = {2017},
  url       = {http://arxiv.org/abs/1707.06347},
  archivePrefix = {arXiv},
  eprint    = {1707.06347},
  timestamp = {Sat, 05 Aug 2017 14:56:06 +0200},
  biburl    = {https://dblp.org/rec/bib/journals/corr/SchulmanWDRK17},
  bibsource = {dblp computer science bibliography, https://dblp.org}
}

@article{DBLP:journals/corr/abs-1804-03720,
  author    = {Alex Nichol and
               Vicki Pfau and
               Christopher Hesse and
               Oleg Klimov and
               John Schulman},
  title     = {Gotta Learn Fast: {A} New Benchmark for Generalization in {RL}},
  journal   = {CoRR},
  volume    = {abs/1804.03720},
  year      = {2018},
  url       = {http://arxiv.org/abs/1804.03720},
  archivePrefix = {arXiv},
  eprint    = {1804.03720},
  timestamp = {Tue, 01 May 2018 19:46:29 +0200},
  biburl    = {https://dblp.org/rec/bib/journals/corr/abs-1804-03720},
  bibsource = {dblp computer science bibliography, https://dblp.org}
}

@article{DBLP:journals/corr/SchulmanLMJA15,
  author    = {John Schulman and
               Sergey Levine and
               Philipp Moritz and
               Michael I. Jordan and
               Pieter Abbeel},
  title     = {Trust Region Policy Optimization},
  journal   = {CoRR},
  volume    = {abs/1502.05477},
  year      = {2015},
  url       = {http://arxiv.org/abs/1502.05477},
  archivePrefix = {arXiv},
  eprint    = {1502.05477},
  timestamp = {Wed, 07 Jun 2017 14:42:34 +0200},
  biburl    = {https://dblp.org/rec/bib/journals/corr/SchulmanLMJA15},
  bibsource = {dblp computer science bibliography, https://dblp.org}
}

